<record><leader>00000cas a22000007a 4500</leader><controlfield tag="001">32931657</controlfield><controlfield tag="008">950807d18501853meuwr ne      0    0eng d</controlfield><datafield ind1=" " ind2=" " tag="010"><subfield code="a">sn 95067862 </subfield></datafield><datafield ind1=" " ind2=" " tag="040"><subfield code="a">MBN</subfield><subfield code="b">eng</subfield><subfield code="c">MBN</subfield><subfield code="d">OCL</subfield><subfield code="d">MBN</subfield><subfield code="d">OCLCQ</subfield><subfield code="d">OCLCF</subfield><subfield code="d">OCLCO</subfield></datafield><datafield ind1=" " ind2=" " tag="042"><subfield code="a">msc</subfield></datafield><datafield ind1=" " ind2=" " tag="043"><subfield code="a">n-us-me</subfield></datafield><datafield ind1="0" ind2=" " tag="130"><subfield code="a">Fountain and journal (Gardiner, Me.)</subfield></datafield><datafield ind1="1" ind2="0" tag="245"><subfield code="a">Fountain and journal.</subfield></datafield><datafield ind1="1" ind2="0" tag="246"><subfield code="a">Fountain and journal and temperance watchman</subfield></datafield><datafield ind1=" " ind2=" " tag="260"><subfield code="a">Gardiner, Me. :</subfield><subfield code="b">H.L. Weston &amp; H.K. Morrell</subfield></datafield><datafield ind1=" " ind2=" " tag="300"><subfield code="a">v.</subfield></datafield><datafield ind1=" " ind2=" " tag="310"><subfield code="a">Weekly</subfield></datafield><datafield ind1="0" ind2=" " tag="362"><subfield code="a">Vol. 7, no. 1 (July 26, 1850)-v. 10, no. 23 (Dec. 31, 1853).</subfield></datafield><datafield ind1=" " ind2=" " tag="500"><subfield code="a">Published as: Fountain and journal and temperance watchman, Sept. 15, 1853-</subfield></datafield><datafield ind1=" " ind2="0" tag="651"><subfield code="a">Gardiner (Me.)</subfield><subfield code="v">Newspapers.</subfield></datafield><datafield ind1=" " ind2="7" tag="655"><subfield code="a">Newspapers.</subfield><subfield code="2">fast</subfield><subfield code="0">(OCoLC)fst01423814</subfield></datafield><datafield ind1=" " ind2="7" tag="651"><subfield code="a">Maine</subfield><subfield code="z">Gardiner.</subfield><subfield code="2">fast</subfield><subfield code="0">(OCoLC)fst01223541</subfield></datafield><datafield ind1=" " ind2=" " tag="752"><subfield code="a">United States</subfield><subfield code="b">Maine</subfield><subfield code="c">Kennebec</subfield><subfield code="d">Gardiner.</subfield></datafield><datafield ind1="0" ind2="5" tag="780"><subfield code="t">Temperance watchman (Portland, Me.)</subfield><subfield code="w">(DLC)sn 95068048</subfield></datafield><datafield ind1="0" ind2="0" tag="780"><subfield code="t">Cold water fountain, and Washingtonian journal</subfield><subfield code="w">(DLC)sn 84022453</subfield></datafield><datafield ind1="0" ind2="0" tag="785"><subfield code="t">Maine temperance journal</subfield><subfield code="w">(DLC)sn 86063263</subfield></datafield></record>